
% ===============================================================
@PhDThesis{Garcia00,
  AUTHOR = "Alejandro J. Garc{\'{\i}}a",
  TITLE = "Programaci\'on en L\'ogica Rebatible: Lenguaje, Sem\'antica Operacional y Paralelsimo",
  YEAR = 2000,
  MONTH = dec,
  SCHOOL={Departemento de Ciencias de la Computaci\'on,   
                   Universidad Nacional del Sur,
                   Bah\'{\i}a Blanca, Argentina},

  comment = { Esta tesis define el lenguaje de la Programaci\'on en L\'ogica Rebatible (DeLP)
              y especifica su sem\'antica operacional. 
              El procedimiento de prueba de DeLP consiste de un an\'alisis dial\'ectico
              el cual considera argumentos a favor o en contra de la  consulta efectuada.
              Se presenta un modelo de computo secuencial y otro en paralelo.
              Se desarrollan aplicaciones para el lenguaje definido
            }
   }
